
%% Created for John Daigle at 2009-12-28 03:31:54 -0500 


%% Saved with string encoding Unicode (UTF-8) 



@book{500824,
	Address = {Cambridge, MA, USA},
	Author = {Cormen, Thomas and Leiserson, Charles and Rivest, Ronald and Stein, Clifford},
	Date-Added = {2009-12-28 03:31:51 -0500},
	Date-Modified = {2009-12-28 03:31:51 -0500},
	Isbn = {0-262-03293-7},
	Publisher = {MIT Press},
	Title = {Introduction to algorithms},
	Year = {2001}}

@inproceedings{978-3-540-77220-0_36,
	Abstract = {We present a new set of distributed algorithms for scheduling sensors to enhance the total lifetime of a wireless sensor network. These algorithms are based on constructing minimal cover sets each consisting of one or more sensors which can collectively cover the local targets.  Some of the covers are heuristically better than others for a sensor trying to decide its own sense-sleep status.  This leads to various ways to assign priorities to the covers. The algorithms work by having each sensor transition through these possible prioritized cover sets, settling for the best cover it can negotiate with its neighbors.   A local lifetime dependency graph consisting of the cover sets as nodes with any two nodes connected if the corresponding covers intersect captures the interdependencies among the covers. We present several variations of the basic algorithmic framework.  The priority function of a cover is derived from its degree or connectedness in the dependency graph - usually lower the better.  Lifetime improvement is 10% to 20% over the existing algorithms, while maintaining comparable communication overheads.   We also show how previous algorithms can be formulated within our framework. },
	Author = {Sushil K. Prasad and Akshaye Dhawan},
	Booktitle = {Procs. Intl High Performance Computing (HiPC)},
	Date-Added = {2009-12-28 03:16:56 -0500},
	Date-Modified = {2009-12-28 03:16:56 -0500},
	Organization = {HiPC},
	Pages = {381-392},
	Series = {LNCS},
	Title = {Distributed Algorithms for Lifetime of Wireless Sensor Networks based on Dependency Structure among Cover Sets},
	Volume = {4873},
	Year = {2007},
	Bdsk-File-1 = {YnBsaXN0MDDUAQIDBAUGBwpZJGFyY2hpdmVyWCR2ZXJzaW9uVCR0b3BYJG9iamVjdHNfEA9OU0tleWVkQXJjaGl2ZXISAAGGoNEICVRyb290gAGoCwwXGBkaHiVVJG51bGzTDQ4PEBMWWk5TLm9iamVjdHNXTlMua2V5c1YkY2xhc3OiERKABIAFohQVgAKAA4AHXHJlbGF0aXZlUGF0aFlhbGlhc0RhdGFfECouLi8uLi8uLi8uLi9Eb2N1bWVudHMvQmlibGlvLzE2MTEtMzM0OS5wZGbSGw8cHVdOUy5kYXRhTxEBdgAAAAABdgACAAAIU3VsZXltYW4AAAAAAAAAAAAAAAAAAAAAAAAAxVC8jEgrAAAADji0DTE2MTEtMzM0OS5wZGYAAAAAAAAAAAAAAAAAAAAAAAAAAAAAAAAAAAAAAAAAAAAAAAAAAAAAAAAAAAAAAAAAAABKUsvGvjc1AAAAAAAAAAAABAADAAAJIAAAAAAAAAAAAAAAAAAAAAZCaWJsaW8AEAAIAADFUQLcAAAAEQAIAADGvm91AAAAAQAQAA44tAAE3esABN3eAABp0gACADJTdWxleW1hbjpVc2VyczpwYXVsOkRvY3VtZW50czpCaWJsaW86MTYxMS0zMzQ5LnBkZgAOABwADQAxADYAMQAxAC0AMwAzADQAOQAuAHAAZABmAA8AEgAIAFMAdQBsAGUAeQBtAGEAbgASAClVc2Vycy9wYXVsL0RvY3VtZW50cy9CaWJsaW8vMTYxMS0zMzQ5LnBkZgAAEwABLwAAFQACAAv//wAAgAbSHyAhIlgkY2xhc3Nlc1okY2xhc3NuYW1loyIjJF1OU011dGFibGVEYXRhVk5TRGF0YVhOU09iamVjdNIfICYnoickXE5TRGljdGlvbmFyeQAIABEAGwAkACkAMgBEAEkATABRAFMAXABiAGkAdAB8AIMAhgCIAIoAjQCPAJEAkwCgAKoA1wDcAOQCXgJgAmUCbgJ5An0CiwKSApsCoAKjAAAAAAAAAgEAAAAAAAAAKAAAAAAAAAAAAAAAAAAAArA=}}

@inproceedings{1409974,
	Abstract = {We consider the problem of efficient MAC design for long-distance WiFi-based mesh networks. In such networks it is common to find long propagation delays, the use of directional antennas, and the presence of inter-link interference. Prior work has shown that these characteristics make traditional CSMA-based MACs a poor choice for long-distance mesh networks and this finding has led to several recent research efforts exploring the use of TDMA-based approaches to media access. In this paper we first identify, and then address, several shortcomings of current TDMA-based proposals. First, because they use fixed-length transmission slots, current TDMA-based solutions do not adapt to dynamic variations in traffic load leading to inefficiencies in both throughput and delay. As we show in this paper, the throughput achieved by existing solutions falls far short of the optimal achievable network throughput. Finally, due to the scheduling constraints imposed by inter-link interference, current TDMA-based solutions only apply to bipartite network topologies.

In this paper, we present JazzyMac, a simple, practical and efficient MAC protocol that addresses the above limitations. JazzyMac achieves efficiency by allowing variable-length link transmissions slots and then defining a distributed protocol by which nodes adapt the length of their transmission slots to changing traffic demands. JazzyMac is practical in that the adaptation at each node uses purely local information and that our protocol applies to arbitrary network topologies. Finally, the use of dynamic slot sizes allows JazzyMac to achieve better tradeoffs between throughput and delay.

We evaluate JazzyMac using detailed simulation over a range of traffic patterns and realistic topologies. Our results show that JazzyMac improves throughput in all considered scenarios. This improvement is often substantial (e.g.,in 50% of our scenarios, throughput improves by over 40%) and is particularly pronounced for the common case of asymmetric traffic (e.g.,leading to almost 100% improvements). Furthermore, compared to current solutions, JazzyMac can achieve much better average delay for the same throughput.},
	Address = {New York, NY, USA},
	Author = {Nedevschi, Sergiu and Patra, Rabin K. and Surana, Sonesh and Ratnasamy, Sylvia and Subramanian, Lakshminarayanan and Brewer, Eric},
	Booktitle = {MobiCom '08: Proceedings of the 14th ACM international conference on Mobile computing and networking},
	Date-Added = {2009-12-28 03:16:56 -0500},
	Date-Modified = {2009-12-28 03:16:56 -0500},
	Doi = {http://doi.acm.org/10.1145/1409944.1409974},
	Isbn = {978-1-60558-096-8},
	Keywords = {simulation},
	Location = {San Francisco, California, USA},
	Pages = {259--270},
	Publisher = {ACM},
	Title = {An adaptive, high performance {MAC} for long-distance multihop wireless networks},
	Year = {2008},
	Bdsk-File-1 = {YnBsaXN0MDDUAQIDBAUGBwpZJGFyY2hpdmVyWCR2ZXJzaW9uVCR0b3BYJG9iamVjdHNfEA9OU0tleWVkQXJjaGl2ZXISAAGGoNEICVRyb290gAGoCwwXGBkaHiVVJG51bGzTDQ4PEBMWWk5TLm9iamVjdHNXTlMua2V5c1YkY2xhc3OiERKABIAFohQVgAKAA4AHXHJlbGF0aXZlUGF0aFlhbGlhc0RhdGFfEC8uLi8uLi8uLi8uLi9Eb2N1bWVudHMvQmlibGlvL3AyNTktbmVkZXZzY2hpLnBkZtIbDxwdV05TLmRhdGFPEQGKAAAAAAGKAAIAAAhTdWxleW1hbgAAAAAAAAAAAAAAAAAAAAAAAADFULyMSCsAAAAOOLQScDI1OS1uZWRldnNjaGkucGRmAAAAAAAAAAAAAAAAAAAAAAAAAAAAAAAAAAAAAAAAAAAAAAAAAAAAAAAAAAAAADA+/8X7CXsAAAAAAAAAAAAEAAMAAAkgAAAAAAAAAAAAAAAAAAAABkJpYmxpbwAQAAgAAMVRAtwAAAARAAgAAMX7QbsAAAABABAADji0AATd6wAE3d4AAGnSAAIAN1N1bGV5bWFuOlVzZXJzOnBhdWw6RG9jdW1lbnRzOkJpYmxpbzpwMjU5LW5lZGV2c2NoaS5wZGYAAA4AJgASAHAAMgA1ADkALQBuAGUAZABlAHYAcwBjAGgAaQAuAHAAZABmAA8AEgAIAFMAdQBsAGUAeQBtAGEAbgASAC5Vc2Vycy9wYXVsL0RvY3VtZW50cy9CaWJsaW8vcDI1OS1uZWRldnNjaGkucGRmABMAAS8AABUAAgAL//8AAIAG0h8gISJYJGNsYXNzZXNaJGNsYXNzbmFtZaMiIyRdTlNNdXRhYmxlRGF0YVZOU0RhdGFYTlNPYmplY3TSHyAmJ6InJFxOU0RpY3Rpb25hcnkACAARABsAJAApADIARABJAEwAUQBTAFwAYgBpAHQAfACDAIYAiACKAI0AjwCRAJMAoACqANwA4QDpAncCeQJ+AocCkgKWAqQCqwK0ArkCvAAAAAAAAAIBAAAAAAAAACgAAAAAAAAAAAAAAAAAAALJ},
	Bdsk-Url-1 = {http://doi.acm.org/10.1145/1409944.1409974}}

@inproceedings{978-3-540-89894-8_26,
	Author = {Akshaye Dhawan and Sushil K. Prasad},
	Booktitle = {HiPC},
	Date = {2008-12-19},
	Date-Added = {2009-12-28 03:16:56 -0500},
	Date-Modified = {2009-12-28 03:16:56 -0500},
	Editor = {P. Sadayappan and Manish Parashar and Ramamurthy Badrinath and Viktor K. Prasanna},
	Ee = {http://dx.doi.org/10.1007/978-3-540-89894-8_26},
	Interhash = {d28bb3a6af0cca0e5f2151f2a1dd2c84},
	Intrahash = {98bed9a1c3811f602dcb7948435ea5d8},
	Isbn = {978-3-540-89893-1},
	Pages = {269-281},
	Publisher = {Springer},
	Series = {Lecture Notes in Computer Science},
	Title = {Energy Efficient Distributed Algorithms for Sensor Target Coverage Based on Properties of an Optimal Schedule.},
	Volume = {5374},
	Year = {2008},
	Bdsk-File-1 = {YnBsaXN0MDDUAQIDBAUGBwpZJGFyY2hpdmVyWCR2ZXJzaW9uVCR0b3BYJG9iamVjdHNfEA9OU0tleWVkQXJjaGl2ZXISAAGGoNEICVRyb290gAGoCwwXGBkaHiVVJG51bGzTDQ4PEBMWWk5TLm9iamVjdHNXTlMua2V5c1YkY2xhc3OiERKABIAFohQVgAKAA4AHXHJlbGF0aXZlUGF0aFlhbGlhc0RhdGFfEDUuLi8uLi8uLi8uLi9Eb2N1bWVudHMvQmlibGlvLzk3OC0zLTU0MC04OTg5NC04XzI2LnBkZtIbDxwdV05TLmRhdGFPEQGiAAAAAAGiAAIAAAhTdWxleW1hbgAAAAAAAAAAAAAAAAAAAAAAAADFULyMSCsAAAAOOLQYOTc4LTMtNTQwLTg5ODk0LThfMjYucGRmAAAAAAAAAAAAAAAAAAAAAAAAAAAAAAAAAAAAAAAAAAAAAAAAAAAAAEpUs8a+Oz0AAAAAAAAAAAAEAAMAAAkgAAAAAAAAAAAAAAAAAAAABkJpYmxpbwAQAAgAAMVRAtwAAAARAAgAAMa+c30AAAABABAADji0AATd6wAE3d4AAGnSAAIAPVN1bGV5bWFuOlVzZXJzOnBhdWw6RG9jdW1lbnRzOkJpYmxpbzo5NzgtMy01NDAtODk4OTQtOF8yNi5wZGYAAA4AMgAYADkANwA4AC0AMwAtADUANAAwAC0AOAA5ADgAOQA0AC0AOABfADIANgAuAHAAZABmAA8AEgAIAFMAdQBsAGUAeQBtAGEAbgASADRVc2Vycy9wYXVsL0RvY3VtZW50cy9CaWJsaW8vOTc4LTMtNTQwLTg5ODk0LThfMjYucGRmABMAAS8AABUAAgAL//8AAIAG0h8gISJYJGNsYXNzZXNaJGNsYXNzbmFtZaMiIyRdTlNNdXRhYmxlRGF0YVZOU0RhdGFYTlNPYmplY3TSHyAmJ6InJFxOU0RpY3Rpb25hcnkACAARABsAJAApADIARABJAEwAUQBTAFwAYgBpAHQAfACDAIYAiACKAI0AjwCRAJMAoACqAOIA5wDvApUClwKcAqUCsAK0AsICyQLSAtcC2gAAAAAAAAIBAAAAAAAAACgAAAAAAAAAAAAAAAAAAALn},
	Bdsk-Url-1 = {http://dblp.uni-trier.de/db/conf/hipc/hipc2008.html#DhawanP08}}

@conference{IPDPS.2008.45361,
	Address = {Miami},
	Author = {Akshaye Dhawan and Sushil K. Prasad},
	Booktitle = {Workshop on Advances in Parallel and Distributed Computing Models},
	Date-Added = {2009-12-28 03:16:56 -0500},
	Date-Modified = {2009-12-28 03:16:56 -0500},
	Month = {April},
	Organization = {IPDPS},
	Title = {A Distributed Algorithmic Framework for Coverage Problems in Wireless Sensor Networks},
	Year = {2008},
	Bdsk-File-1 = {YnBsaXN0MDDUAQIDBAUGBwpZJGFyY2hpdmVyWCR2ZXJzaW9uVCR0b3BYJG9iamVjdHNfEA9OU0tleWVkQXJjaGl2ZXISAAGGoNEICVRyb290gAGoCwwXGBkaHiVVJG51bGzTDQ4PEBMWWk5TLm9iamVjdHNXTlMua2V5c1YkY2xhc3OiERKABIAFohQVgAKAA4AHXHJlbGF0aXZlUGF0aFlhbGlhc0RhdGFfEDEuLi8uLi8uLi8uLi9Eb2N1bWVudHMvQmlibGlvL0lQRFBTLjIwMDguNDUzNjEucGRm0hsPHB1XTlMuZGF0YU8RAZIAAAAAAZIAAgAACFN1bGV5bWFuAAAAAAAAAAAAAAAAAAAAAAAAAMVQvIxIKwAAAA44tBRJUERQUy4yMDA4LjQ1MzYxLnBkZgAAAAAAAAAAAAAAAAAAAAAAAAAAAAAAAAAAAAAAAAAAAAAAAAAAAAAAAAAASlSExr452wAAAAAAAAAAAAQAAwAACSAAAAAAAAAAAAAAAAAAAAAGQmlibGlvABAACAAAxVEC3AAAABEACAAAxr5yGwAAAAEAEAAOOLQABN3rAATd3gAAadIAAgA5U3VsZXltYW46VXNlcnM6cGF1bDpEb2N1bWVudHM6QmlibGlvOklQRFBTLjIwMDguNDUzNjEucGRmAAAOACoAFABJAFAARABQAFMALgAyADAAMAA4AC4ANAA1ADMANgAxAC4AcABkAGYADwASAAgAUwB1AGwAZQB5AG0AYQBuABIAMFVzZXJzL3BhdWwvRG9jdW1lbnRzL0JpYmxpby9JUERQUy4yMDA4LjQ1MzYxLnBkZgATAAEvAAAVAAIAC///AACABtIfICEiWCRjbGFzc2VzWiRjbGFzc25hbWWjIiMkXU5TTXV0YWJsZURhdGFWTlNEYXRhWE5TT2JqZWN00h8gJieiJyRcTlNEaWN0aW9uYXJ5AAgAEQAbACQAKQAyAEQASQBMAFEAUwBcAGIAaQB0AHwAgwCGAIgAigCNAI8AkQCTAKAAqgDeAOMA6wKBAoMCiAKRApwCoAKuArUCvgLDAsYAAAAAAAACAQAAAAAAAAAoAAAAAAAAAAAAAAAAAAAC0w==}}

@inproceedings{Dhawan:hipc-09,
	Author = {Akshaye Dhawan and Sushil K. Prasad},
	Booktitle = {Procs. 16th International Conference on High Performance Computing},
	Date-Added = {2009-12-28 03:16:56 -0500},
	Date-Modified = {2009-12-28 03:16:56 -0500},
	Month = {December},
	Title = {Taming the Exponential State Space of the Maximum Lifetime Sensor Cover Problem},
	Year = {2009}}

@article{254190,
	Abstract = { We survey approximation algorithms for some well-known and very natural combinatorial optimization problems, the minimum set covering, the minimum vertex covering, the maximum set packing, and maximum independent set problems; we discuss their approximation performance and their complexity. For already known results, any time we have conceived simpler proofs than those already published, we give these proofs, and, for the rest, we cite the simpler published ones. Finally, we discuss how one can relate the approximability behavior (from both a positive and a negative point of view) of vertex covering to the approximability behavior of a restricted class of independent set problems.  },
	Address = {New York, NY, USA},
	Author = {Paschos, Vangelis T.},
	Date-Added = {2009-12-28 03:15:48 -0500},
	Date-Modified = {2009-12-28 03:15:48 -0500},
	Doi = {http://doi.acm.org/10.1145/254180.254190},
	Issn = {0360-0300},
	Journal = {ACM Comput. Surv.},
	Keywords = {algorithm analysis,  approximation algorithms,  combinatorial algorithms,  constrained optimization,  problem complexity  },
	Number = {2},
	Pages = {171--209},
	Publisher = {ACM},
	Title = {A survey of approximately optimal solutions to some covering and packing problems},
	Volume = {29},
	Year = {1997},
	Bdsk-File-1 = {YnBsaXN0MDDUAQIDBAUGBwpZJGFyY2hpdmVyWCR2ZXJzaW9uVCR0b3BYJG9iamVjdHNfEA9OU0tleWVkQXJjaGl2ZXISAAGGoNEICVRyb290gAGoCwwXGBkaHiVVJG51bGzTDQ4PEBMWWk5TLm9iamVjdHNXTlMua2V5c1YkY2xhc3OiERKABIAFohQVgAKAA4AHXHJlbGF0aXZlUGF0aFlhbGlhc0RhdGFfEC0uLi8uLi8uLi8uLi9Eb2N1bWVudHMvQmlibGlvL3AxNzEtcGFzY2hvcy5wZGbSGw8cHVdOUy5kYXRhTxEBggAAAAABggACAAAIU3VsZXltYW4AAAAAAAAAAAAAAAAAAAAAAAAAxVC8jEgrAAAADji0EHAxNzEtcGFzY2hvcy5wZGYAAAAAAAAAAAAAAAAAAAAAAAAAAAAAAAAAAAAAAAAAAAAAAAAAAAAAAAAAAAAAAABhpFrHVHQ9AAAAAAAAAAAABAADAAAJIAAAAAAAAAAAAAAAAAAAAAZCaWJsaW8AEAAIAADFUQLcAAAAEQAIAADHVLqNAAAAAQAQAA44tAAE3esABN3eAABp0gACADVTdWxleW1hbjpVc2VyczpwYXVsOkRvY3VtZW50czpCaWJsaW86cDE3MS1wYXNjaG9zLnBkZgAADgAiABAAcAAxADcAMQAtAHAAYQBzAGMAaABvAHMALgBwAGQAZgAPABIACABTAHUAbABlAHkAbQBhAG4AEgAsVXNlcnMvcGF1bC9Eb2N1bWVudHMvQmlibGlvL3AxNzEtcGFzY2hvcy5wZGYAEwABLwAAFQACAAv//wAAgAbSHyAhIlgkY2xhc3Nlc1okY2xhc3NuYW1loyIjJF1OU011dGFibGVEYXRhVk5TRGF0YVhOU09iamVjdNIfICYnoickXE5TRGljdGlvbmFyeQAIABEAGwAkACkAMgBEAEkATABRAFMAXABiAGkAdAB8AIMAhgCIAIoAjQCPAJEAkwCgAKoA2gDfAOcCbQJvAnQCfQKIAowCmgKhAqoCrwKyAAAAAAAAAgEAAAAAAAAAKAAAAAAAAAAAAAAAAAAAAr8=},
	Bdsk-Url-1 = {http://doi.acm.org/10.1145/254180.254190}}

@inproceedings{338269,
	Address = {Philadelphia, PA, USA},
	Author = {Halperin, Eran},
	Booktitle = {SODA '00: Proceedings of the eleventh annual ACM-SIAM symposium on Discrete algorithms},
	Date-Added = {2009-12-28 03:15:48 -0500},
	Date-Modified = {2009-12-28 03:15:48 -0500},
	Isbn = {0-89871-453-2},
	Keywords = {Algorithms,  Design,  Theory,  Verification, vertex cover},
	Location = {San Francisco, California, United States},
	Pages = {329--337},
	Publisher = {Society for Industrial and Applied Mathematics},
	Title = {Improved approximation algorithms for the vertex cover problem in graphs and hypergraphs},
	Year = {2000},
	Bdsk-File-1 = {YnBsaXN0MDDUAQIDBAUGBwpZJGFyY2hpdmVyWCR2ZXJzaW9uVCR0b3BYJG9iamVjdHNfEA9OU0tleWVkQXJjaGl2ZXISAAGGoNEICVRyb290gAGoCwwXGBkaHiVVJG51bGzTDQ4PEBMWWk5TLm9iamVjdHNXTlMua2V5c1YkY2xhc3OiERKABIAFohQVgAKAA4AHXHJlbGF0aXZlUGF0aFlhbGlhc0RhdGFfEC4uLi8uLi8uLi8uLi9Eb2N1bWVudHMvQmlibGlvL3AzMjktaGFscGVyaW4ucGRm0hsPHB1XTlMuZGF0YU8RAYYAAAAAAYYAAgAACFN1bGV5bWFuAAAAAAAAAAAAAAAAAAAAAAAAAMVQvIxIKwAAAA44tBFwMzI5LWhhbHBlcmluLnBkZgAAAAAAAAAAAAAAAAAAAAAAAAAAAAAAAAAAAAAAAAAAAAAAAAAAAAAAAAAAAAAAYaUFx1R2gAAAAAAAAAAAAAQAAwAACSAAAAAAAAAAAAAAAAAAAAAGQmlibGlvABAACAAAxVEC3AAAABEACAAAx1S80AAAAAEAEAAOOLQABN3rAATd3gAAadIAAgA2U3VsZXltYW46VXNlcnM6cGF1bDpEb2N1bWVudHM6QmlibGlvOnAzMjktaGFscGVyaW4ucGRmAA4AJAARAHAAMwAyADkALQBoAGEAbABwAGUAcgBpAG4ALgBwAGQAZgAPABIACABTAHUAbABlAHkAbQBhAG4AEgAtVXNlcnMvcGF1bC9Eb2N1bWVudHMvQmlibGlvL3AzMjktaGFscGVyaW4ucGRmAAATAAEvAAAVAAIAC///AACABtIfICEiWCRjbGFzc2VzWiRjbGFzc25hbWWjIiMkXU5TTXV0YWJsZURhdGFWTlNEYXRhWE5TT2JqZWN00h8gJieiJyRcTlNEaWN0aW9uYXJ5AAgAEQAbACQAKQAyAEQASQBMAFEAUwBcAGIAaQB0AHwAgwCGAIgAigCNAI8AkQCTAKAAqgDbAOAA6AJyAnQCeQKCAo0CkQKfAqYCrwK0ArcAAAAAAAACAQAAAAAAAAAoAAAAAAAAAAAAAAAAAAACxA==}}

@article{564598,
	Address = {New York, NY, USA},
	Author = {Khuller, Samir},
	Date-Added = {2009-12-28 03:15:48 -0500},
	Date-Modified = {2009-12-28 03:15:48 -0500},
	Doi = {http://doi.acm.org/10.1145/564585.564598},
	Issn = {0163-5700},
	Journal = {SIGACT News},
	Keywords = {Algorithms, vertex cover},
	Number = {2},
	Pages = {31--33},
	Publisher = {ACM},
	Title = {Algorithms column: the vertex cover problem},
	Volume = {33},
	Year = {2002},
	Bdsk-File-1 = {YnBsaXN0MDDUAQIDBAUGBwpZJGFyY2hpdmVyWCR2ZXJzaW9uVCR0b3BYJG9iamVjdHNfEA9OU0tleWVkQXJjaGl2ZXISAAGGoNEICVRyb290gAGoCwwXGBkaHiVVJG51bGzTDQ4PEBMWWk5TLm9iamVjdHNXTlMua2V5c1YkY2xhc3OiERKABIAFohQVgAKAA4AHXHJlbGF0aXZlUGF0aFlhbGlhc0RhdGFfECwuLi8uLi8uLi8uLi9Eb2N1bWVudHMvQmlibGlvL3AzMS1raHVsbGVyLnBkZtIbDxwdV05TLmRhdGFPEQF+AAAAAAF+AAIAAAhTdWxleW1hbgAAAAAAAAAAAAAAAAAAAAAAAADFULyMSCsAAAAOOLQPcDMxLWtodWxsZXIucGRmAAAAAAAAAAAAAAAAAAAAAAAAAAAAAAAAAAAAAAAAAAAAAAAAAAAAAAAAAAAAAAAAAGHZk8dWTJsAAAAAAAAAAAAEAAMAAAkgAAAAAAAAAAAAAAAAAAAABkJpYmxpbwAQAAgAAMVRAtwAAAARAAgAAMdWkusAAAABABAADji0AATd6wAE3d4AAGnSAAIANFN1bGV5bWFuOlVzZXJzOnBhdWw6RG9jdW1lbnRzOkJpYmxpbzpwMzEta2h1bGxlci5wZGYADgAgAA8AcAAzADEALQBrAGgAdQBsAGwAZQByAC4AcABkAGYADwASAAgAUwB1AGwAZQB5AG0AYQBuABIAK1VzZXJzL3BhdWwvRG9jdW1lbnRzL0JpYmxpby9wMzEta2h1bGxlci5wZGYAABMAAS8AABUAAgAL//8AAIAG0h8gISJYJGNsYXNzZXNaJGNsYXNzbmFtZaMiIyRdTlNNdXRhYmxlRGF0YVZOU0RhdGFYTlNPYmplY3TSHyAmJ6InJFxOU0RpY3Rpb25hcnkACAARABsAJAApADIARABJAEwAUQBTAFwAYgBpAHQAfACDAIYAiACKAI0AjwCRAJMAoACqANkA3gDmAmgCagJvAngCgwKHApUCnAKlAqoCrQAAAAAAAAIBAAAAAAAAACgAAAAAAAAAAAAAAAAAAAK6},
	Bdsk-Url-1 = {http://doi.acm.org/10.1145/564585.564598}}

@article{861166,
	Abstract = { We investigate the fixed-parameter complexity of WEIGHTED VERTEX COVER. Given a graph G = (V, E), a weight function ω: V → R+, and k ∈ R+, WEIGHTED VERTEX COVER (WVC for short) asks for a vertex subset C ⊆ V of total weight at most k such that every edge of G has at least one endpoint in C. WVC and its natural variants are NP-complete. We observe that, when restricting the range of ω to positive integers, the so-called INTEGER-WVC can be solved as fast as unweighted VERTEX COVER. Our main result is that if the range of ω is restricted to positive reals ≥ 1, then so-called REAL-WVC can be solved in time O(1.3954k + k|V|). By way of contrast, unless P = NP, the problem is not fixed-parameter tractable if arbitrary weights > 0 are allowed. Using dynamic programming, at the expense of exponential memory use, we can improve the running time of REALWVC to O(1.3788k + k|V|). The same technique applied to a known algorithm yields the so far fastest algorithm for unweighted VERTEX COVER, running in time O(1.2832kk + k|V|). },
	Address = {Duluth, MN, USA},
	Author = {Niedermeier, Rolf and Rossmanith, Peter},
	Date-Added = {2009-12-28 03:15:48 -0500},
	Date-Modified = {2009-12-28 03:15:48 -0500},
	Doi = {http://dx.doi.org/10.1016/S0196-6774(03)00005-1},
	Issn = {0196-6774},
	Journal = {J. Algorithms},
	Keywords = {Algorithms,  Theory, vertex cover},
	Number = {2},
	Pages = {63--77},
	Publisher = {Academic Press, Inc.},
	Title = {On efficient fixed-parameter algorithms for weighted vertex cover},
	Volume = {47},
	Year = {2003},
	Bdsk-File-1 = {YnBsaXN0MDDUAQIDBAUGBwpZJGFyY2hpdmVyWCR2ZXJzaW9uVCR0b3BYJG9iamVjdHNfEA9OU0tleWVkQXJjaGl2ZXISAAGGoNEICVRyb290gAGoCwwXGBkaHiVVJG51bGzTDQ4PEBMWWk5TLm9iamVjdHNXTlMua2V5c1YkY2xhc3OiERKABIAFohQVgAKAA4AHXHJlbGF0aXZlUGF0aFlhbGlhc0RhdGFfEC8uLi8uLi8uLi8uLi9Eb2N1bWVudHMvQmlibGlvLzEwLjEuMS4xMi43Mjc5LnBkZtIbDxwdV05TLmRhdGFPEQGKAAAAAAGKAAIAAAhTdWxleW1hbgAAAAAAAAAAAAAAAAAAAAAAAADFULyMSCsAAAAOOLQSMTAuMS4xLjEyLjcyNzkucGRmAAAAAAAAAAAAAAAAAAAAAAAAAAAAAAAAAAAAAAAAAAAAAAAAAAAAAAAAAAAAAGGk1MdUdV4AAAAAAAAAAAAEAAMAAAkgAAAAAAAAAAAAAAAAAAAABkJpYmxpbwAQAAgAAMVRAtwAAAARAAgAAMdUu64AAAABABAADji0AATd6wAE3d4AAGnSAAIAN1N1bGV5bWFuOlVzZXJzOnBhdWw6RG9jdW1lbnRzOkJpYmxpbzoxMC4xLjEuMTIuNzI3OS5wZGYAAA4AJgASADEAMAAuADEALgAxAC4AMQAyAC4ANwAyADcAOQAuAHAAZABmAA8AEgAIAFMAdQBsAGUAeQBtAGEAbgASAC5Vc2Vycy9wYXVsL0RvY3VtZW50cy9CaWJsaW8vMTAuMS4xLjEyLjcyNzkucGRmABMAAS8AABUAAgAL//8AAIAG0h8gISJYJGNsYXNzZXNaJGNsYXNzbmFtZaMiIyRdTlNNdXRhYmxlRGF0YVZOU0RhdGFYTlNPYmplY3TSHyAmJ6InJFxOU0RpY3Rpb25hcnkACAARABsAJAApADIARABJAEwAUQBTAFwAYgBpAHQAfACDAIYAiACKAI0AjwCRAJMAoACqANwA4QDpAncCeQJ+AocCkgKWAqQCqwK0ArkCvAAAAAAAAAIBAAAAAAAAACgAAAAAAAAAAAAAAAAAAALJ},
	Bdsk-Url-1 = {http://dx.doi.org/10.1016/S0196-6774(03)00005-1}}

@inproceedings{1011811,
	Abstract = { We give time lower bounds for the distributed approximation of minimum vertex cover (MVC) and related problems such as minimum dominating set (MDS). In k communication rounds, MVC and MDS can only be approximated by factors Ω(nc/k2/k) and Ω(Δ>1/k/k) for some constant c, where n and Δ denote the number of nodes and the largest degree in the graph. The number of rounds required in order to achieve a constant or even only a polylogarithmic approximation ratio is at least Ω(√log n/log log n) and Ω(logΔ/ log log Δ). By a simple reduction, the latter lower bounds also hold for the construction of maximal matchings and maximal independent sets. },
	Address = {New York, NY, USA},
	Author = {Kuhn, Fabian and Moscibroda, Thomas and Wattenhofer, Roger},
	Booktitle = {PODC '04: Proceedings of the twenty-third annual ACM symposium on Principles of distributed computing},
	Date-Added = {2009-12-28 03:15:48 -0500},
	Date-Modified = {2009-12-28 03:15:48 -0500},
	Doi = {http://doi.acm.org/10.1145/1011767.1011811},
	Isbn = {1-58113-802-4},
	Keywords = {approximation hardness, distributed algorithms, dominating set, locality, lower bounds, maximal independent set, maximal matching, vertex cover},
	Location = {St. John's, Newfoundland, Canada},
	Pages = {300--309},
	Publisher = {ACM},
	Title = {What cannot be computed locally!},
	Year = {2004},
	Bdsk-File-1 = {YnBsaXN0MDDUAQIDBAUGBwpZJGFyY2hpdmVyWCR2ZXJzaW9uVCR0b3BYJG9iamVjdHNfEA9OU0tleWVkQXJjaGl2ZXISAAGGoNEICVRyb290gAGoCwwXGBkaHiVVJG51bGzTDQ4PEBMWWk5TLm9iamVjdHNXTlMua2V5c1YkY2xhc3OiERKABIAFohQVgAKAA4AHXHJlbGF0aXZlUGF0aFlhbGlhc0RhdGFfECouLi8uLi8uLi8uLi9Eb2N1bWVudHMvQmlibGlvL3AzMDAta3Vobi5wZGbSGw8cHVdOUy5kYXRhTxEBdgAAAAABdgACAAAIU3VsZXltYW4AAAAAAAAAAAAAAAAAAAAAAAAAxVC8jEgrAAAADji0DXAzMDAta3Vobi5wZGYAAAAAAAAAAAAAAAAAAAAAAAAAAAAAAAAAAAAAAAAAAAAAAAAAAAAAAAAAAAAAAAAAAABVud3G/SjKAAAAAAAAAAAABAADAAAJIAAAAAAAAAAAAAAAAAAAAAZCaWJsaW8AEAAIAADFUQLcAAAAEQAIAADG/WEKAAAAAQAQAA44tAAE3esABN3eAABp0gACADJTdWxleW1hbjpVc2VyczpwYXVsOkRvY3VtZW50czpCaWJsaW86cDMwMC1rdWhuLnBkZgAOABwADQBwADMAMAAwAC0AawB1AGgAbgAuAHAAZABmAA8AEgAIAFMAdQBsAGUAeQBtAGEAbgASAClVc2Vycy9wYXVsL0RvY3VtZW50cy9CaWJsaW8vcDMwMC1rdWhuLnBkZgAAEwABLwAAFQACAAv//wAAgAbSHyAhIlgkY2xhc3Nlc1okY2xhc3NuYW1loyIjJF1OU011dGFibGVEYXRhVk5TRGF0YVhOU09iamVjdNIfICYnoickXE5TRGljdGlvbmFyeQAIABEAGwAkACkAMgBEAEkATABRAFMAXABiAGkAdAB8AIMAhgCIAIoAjQCPAJEAkwCgAKoA1wDcAOQCXgJgAmUCbgJ5An0CiwKSApsCoAKjAAAAAAAAAgEAAAAAAAAAKAAAAAAAAAAAAAAAAAAAArA=},
	Bdsk-Url-1 = {http://doi.acm.org/10.1145/1011767.1011811}}

@article{1125998,
	Abstract = { Let G &equals; (V, E) be an undirected graph, with three numbers d0(e) ≥ d1(e) ≥ d2(e) ≥ 0 for each edge e ∈ E. A solution is a subset U ⊆ V and di(e) represents the cost contributed to the solution by the edge e if exactly i of its endpoints are in the solution. The cost of including a vertex v in the solution is c(v). A solution has cost that is equal to the sum of the vertex costs and the edge costs. The minimum generalized vertex cover problem is to compute a minimum cost set of vertices. We study the complexity of the problem with the costs d0(e) &equals; 1, d1(e) &equals; α and d2(e) &equals; 0 ∀e ∈ E and c(v) &equals; β∀v ∈ V, for all possible values of α and β. We also provide 2-approximation algorithms for the general case. },
	Address = {New York, NY, USA},
	Author = {Hassin, Refael and Levin, Asaf},
	Date-Added = {2009-12-28 03:15:48 -0500},
	Date-Modified = {2009-12-28 03:15:48 -0500},
	Doi = {http://doi.acm.org/10.1145/1125994.1125998},
	Issn = {1549-6325},
	Journal = {ACM Trans. Algorithms},
	Keywords = {Vertex cover,  complexity classification,  local-ratio  },
	Number = {1},
	Pages = {66--78},
	Publisher = {ACM},
	Title = {The minimum generalized vertex cover problem},
	Volume = {2},
	Year = {2006},
	Bdsk-File-1 = {YnBsaXN0MDDUAQIDBAUGBwpZJGFyY2hpdmVyWCR2ZXJzaW9uVCR0b3BYJG9iamVjdHNfEA9OU0tleWVkQXJjaGl2ZXISAAGGoNEICVRyb290gAGoCwwXGBkaHiVVJG51bGzTDQ4PEBMWWk5TLm9iamVjdHNXTlMua2V5c1YkY2xhc3OiERKABIAFohQVgAKAA4AHXHJlbGF0aXZlUGF0aFlhbGlhc0RhdGFfECsuLi8uLi8uLi8uLi9Eb2N1bWVudHMvQmlibGlvL3A2Ni1oYXNzaW4ucGRm0hsPHB1XTlMuZGF0YU8RAXoAAAAAAXoAAgAACFN1bGV5bWFuAAAAAAAAAAAAAAAAAAAAAAAAAMVQvIxIKwAAAA44tA5wNjYtaGFzc2luLnBkZgAAAAAAAAAAAAAAAAAAAAAAAAAAAAAAAAAAAAAAAAAAAAAAAAAAAAAAAAAAAAAAAAAAYdqix1ZTcAAAAAAAAAAAAAQAAwAACSAAAAAAAAAAAAAAAAAAAAAGQmlibGlvABAACAAAxVEC3AAAABEACAAAx1aZwAAAAAEAEAAOOLQABN3rAATd3gAAadIAAgAzU3VsZXltYW46VXNlcnM6cGF1bDpEb2N1bWVudHM6QmlibGlvOnA2Ni1oYXNzaW4ucGRmAAAOAB4ADgBwADYANgAtAGgAYQBzAHMAaQBuAC4AcABkAGYADwASAAgAUwB1AGwAZQB5AG0AYQBuABIAKlVzZXJzL3BhdWwvRG9jdW1lbnRzL0JpYmxpby9wNjYtaGFzc2luLnBkZgATAAEvAAAVAAIAC///AACABtIfICEiWCRjbGFzc2VzWiRjbGFzc25hbWWjIiMkXU5TTXV0YWJsZURhdGFWTlNEYXRhWE5TT2JqZWN00h8gJieiJyRcTlNEaWN0aW9uYXJ5AAgAEQAbACQAKQAyAEQASQBMAFEAUwBcAGIAaQB0AHwAgwCGAIgAigCNAI8AkQCTAKAAqgDYAN0A5QJjAmUCagJzAn4CggKQApcCoAKlAqgAAAAAAAACAQAAAAAAAAAoAAAAAAAAAAAAAAAAAAACtQ==},
	Bdsk-Url-1 = {http://doi.acm.org/10.1145/1125994.1125998}}

@article{1435381,
	Address = {New York, NY, USA},
	Author = {Grandoni, Fabrizio and K\"{o}nemann, Jochen and Panconesi, Alessandro},
	Date-Added = {2009-12-28 03:15:48 -0500},
	Date-Modified = {2009-12-28 03:15:48 -0500},
	Doi = {http://doi.acm.org/10.1145/1435375.1435381},
	Issn = {1549-6325},
	Journal = {ACM Trans. Algorithms},
	Keywords = {Approximation algorithms,  distributed algorithms,  maximal matching,  vertex cover  },
	Number = {1},
	Pages = {1--12},
	Publisher = {ACM},
	Title = {Distributed weighted vertex cover via maximal matchings},
	Volume = {5},
	Year = {2008},
	Bdsk-File-1 = {YnBsaXN0MDDUAQIDBAUGBwpZJGFyY2hpdmVyWCR2ZXJzaW9uVCR0b3BYJG9iamVjdHNfEA9OU0tleWVkQXJjaGl2ZXISAAGGoNEICVRyb290gAGoCwwXGBkaHiVVJG51bGzTDQ4PEBMWWk5TLm9iamVjdHNXTlMua2V5c1YkY2xhc3OiERKABIAFohQVgAKAA4AHXHJlbGF0aXZlUGF0aFlhbGlhc0RhdGFfECwuLi8uLi8uLi8uLi9Eb2N1bWVudHMvQmlibGlvL2E2LWdyYW5kb25pLnBkZtIbDxwdV05TLmRhdGFPEQF+AAAAAAF+AAIAAAhTdWxleW1hbgAAAAAAAAAAAAAAAAAAAAAAAADFULyMSCsAAAAOOLQPYTYtZ3JhbmRvbmkucGRmAAAAAAAAAAAAAAAAAAAAAAAAAAAAAAAAAAAAAAAAAAAAAAAAAAAAAAAAAAAAAAAAAGHZw8dWTW8AAAAAAAAAAAAEAAMAAAkgAAAAAAAAAAAAAAAAAAAABkJpYmxpbwAQAAgAAMVRAtwAAAARAAgAAMdWk78AAAABABAADji0AATd6wAE3d4AAGnSAAIANFN1bGV5bWFuOlVzZXJzOnBhdWw6RG9jdW1lbnRzOkJpYmxpbzphNi1ncmFuZG9uaS5wZGYADgAgAA8AYQA2AC0AZwByAGEAbgBkAG8AbgBpAC4AcABkAGYADwASAAgAUwB1AGwAZQB5AG0AYQBuABIAK1VzZXJzL3BhdWwvRG9jdW1lbnRzL0JpYmxpby9hNi1ncmFuZG9uaS5wZGYAABMAAS8AABUAAgAL//8AAIAG0h8gISJYJGNsYXNzZXNaJGNsYXNzbmFtZaMiIyRdTlNNdXRhYmxlRGF0YVZOU0RhdGFYTlNPYmplY3TSHyAmJ6InJFxOU0RpY3Rpb25hcnkACAARABsAJAApADIARABJAEwAUQBTAFwAYgBpAHQAfACDAIYAiACKAI0AjwCRAJMAoACqANkA3gDmAmgCagJvAngCgwKHApUCnAKlAqoCrQAAAAAAAAIBAAAAAAAAACgAAAAAAAAAAAAAAAAAAAK6},
	Bdsk-Url-1 = {http://doi.acm.org/10.1145/1435375.1435381}}

@inproceedings{DBLP:conf/wdag/AstrandFPRSU09,
	Author = {Matti {\AA}strand and Patrik Flor{\'e}en and Valentin Polishchuk and Joel Rybicki and Jukka Suomela and Jara Uitto},
	Bibsource = {DBLP, http://dblp.uni-trier.de},
	Booktitle = {DISC},
	Crossref = {DBLP:conf/wdag/2009},
	Date-Added = {2009-12-28 03:15:48 -0500},
	Date-Modified = {2009-12-28 03:15:48 -0500},
	Ee = {http://dx.doi.org/10.1007/978-3-642-04355-0_21},
	Keywords = {vertex cover},
	Pages = {191-205},
	Title = {A Local 2-Approximation Algorithm for the Vertex Cover Problem},
	Year = {2009},
	Bdsk-File-1 = {YnBsaXN0MDDUAQIDBAUGBwpZJGFyY2hpdmVyWCR2ZXJzaW9uVCR0b3BYJG9iamVjdHNfEA9OU0tleWVkQXJjaGl2ZXISAAGGoNEICVRyb290gAGoCwwXGBkaHiVVJG51bGzTDQ4PEBMWWk5TLm9iamVjdHNXTlMua2V5c1YkY2xhc3OiERKABIAFohQVgAKAA4AHXHJlbGF0aXZlUGF0aFlhbGlhc0RhdGFfEDUuLi8uLi8uLi8uLi9Eb2N1bWVudHMvQmlibGlvLzk3OC0zLTY0Mi0wNDM1NS0wXzIxLnBkZtIbDxwdV05TLmRhdGFPEQGiAAAAAAGiAAIAAAhTdWxleW1hbgAAAAAAAAAAAAAAAAAAAAAAAADFULyMSCsAAAAOOLQYOTc4LTMtNjQyLTA0MzU1LTBfMjEucGRmAAAAAAAAAAAAAAAAAAAAAAAAAAAAAAAAAAAAAAAAAAAAAAAAAAAAAGDWlsdOICcAAAAAAAAAAAAEAAMAAAkgAAAAAAAAAAAAAAAAAAAABkJpYmxpbwAQAAgAAMVRAtwAAAARAAgAAMdOZncAAAABABAADji0AATd6wAE3d4AAGnSAAIAPVN1bGV5bWFuOlVzZXJzOnBhdWw6RG9jdW1lbnRzOkJpYmxpbzo5NzgtMy02NDItMDQzNTUtMF8yMS5wZGYAAA4AMgAYADkANwA4AC0AMwAtADYANAAyAC0AMAA0ADMANQA1AC0AMABfADIAMQAuAHAAZABmAA8AEgAIAFMAdQBsAGUAeQBtAGEAbgASADRVc2Vycy9wYXVsL0RvY3VtZW50cy9CaWJsaW8vOTc4LTMtNjQyLTA0MzU1LTBfMjEucGRmABMAAS8AABUAAgAL//8AAIAG0h8gISJYJGNsYXNzZXNaJGNsYXNzbmFtZaMiIyRdTlNNdXRhYmxlRGF0YVZOU0RhdGFYTlNPYmplY3TSHyAmJ6InJFxOU0RpY3Rpb25hcnkACAARABsAJAApADIARABJAEwAUQBTAFwAYgBpAHQAfACDAIYAiACKAI0AjwCRAJMAoACqAOIA5wDvApUClwKcAqUCsAK0AsICyQLSAtcC2gAAAAAAAAIBAAAAAAAAACgAAAAAAAAAAAAAAAAAAALn}}

@inproceedings{1582746,
	Abstract = {The paper presents distributed and parallel δ-approximation algorithms for covering problems, where δ is the maximum number of variables on which any constraint depends (for example, δ = 2 for VERTEX COVER).

Specific results include the following.

For WEIGHTED VERTEX COVER, the first distributed 2-approximation algorithm taking O(log n) rounds and the first parallel 2-approximation algorithm in RNC. The algorithms generalize to covering mixed integer linear programs (CMIP) with two variables per constraint (δ = 2).

For any covering problem with monotone constraints and submodular cost, a distributed δ-approximation algorithm taking O(log2 |C|) rounds, where |C| is the number of constraints. (Special cases include CMIP, facility location, and probabilistic (two-stage) variants of these problems.)},
	Address = {New York, NY, USA},
	Author = {Koufogiannakis, Christos and Young, Neal E.},
	Booktitle = {PODC '09: Proceedings of the 28th ACM symposium on Principles of distributed computing},
	Date-Added = {2009-12-28 03:15:48 -0500},
	Date-Modified = {2009-12-28 03:15:48 -0500},
	Doi = {http://doi.acm.org/10.1145/1582716.1582746},
	Isbn = {978-1-60558-396-9},
	Keywords = {distributed covering, distributed vertex cover},
	Location = {Calgary, AB, Canada},
	Pages = {171--179},
	Publisher = {ACM},
	Title = {Distributed and parallel algorithms for weighted vertex cover and other covering problems},
	Year = {2009},
	Bdsk-File-1 = {YnBsaXN0MDDUAQIDBAUGBwpZJGFyY2hpdmVyWCR2ZXJzaW9uVCR0b3BYJG9iamVjdHNfEA9OU0tleWVkQXJjaGl2ZXISAAGGoNEICVRyb290gAGoCwwXGBkaHiVVJG51bGzTDQ4PEBMWWk5TLm9iamVjdHNXTlMua2V5c1YkY2xhc3OiERKABIAFohQVgAKAA4AHXHJlbGF0aXZlUGF0aFlhbGlhc0RhdGFfEDQuLi8uLi8uLi8uLi9Eb2N1bWVudHMvQmlibGlvL3AxNzEta291Zm9naWFubmFraXMucGRm0hsPHB1XTlMuZGF0YU8RAZ4AAAAAAZ4AAgAACFN1bGV5bWFuAAAAAAAAAAAAAAAAAAAAAAAAAMVQvIxIKwAAAA44tBdwMTcxLWtvdWZvZ2lhbm5ha2lzLnBkZgAAAAAAAAAAAAAAAAAAAAAAAAAAAAAAAAAAAAAAAAAAAAAAAAAAAAAAWEu2xxWHGwAAAAAAAAAAAAQAAwAACSAAAAAAAAAAAAAAAAAAAAAGQmlibGlvABAACAAAxVEC3AAAABEACAAAxxXNawAAAAEAEAAOOLQABN3rAATd3gAAadIAAgA8U3VsZXltYW46VXNlcnM6cGF1bDpEb2N1bWVudHM6QmlibGlvOnAxNzEta291Zm9naWFubmFraXMucGRmAA4AMAAXAHAAMQA3ADEALQBrAG8AdQBmAG8AZwBpAGEAbgBuAGEAawBpAHMALgBwAGQAZgAPABIACABTAHUAbABlAHkAbQBhAG4AEgAzVXNlcnMvcGF1bC9Eb2N1bWVudHMvQmlibGlvL3AxNzEta291Zm9naWFubmFraXMucGRmAAATAAEvAAAVAAIAC///AACABtIfICEiWCRjbGFzc2VzWiRjbGFzc25hbWWjIiMkXU5TTXV0YWJsZURhdGFWTlNEYXRhWE5TT2JqZWN00h8gJieiJyRcTlNEaWN0aW9uYXJ5AAgAEQAbACQAKQAyAEQASQBMAFEAUwBcAGIAaQB0AHwAgwCGAIgAigCNAI8AkQCTAKAAqgDhAOYA7gKQApIClwKgAqsCrwK9AsQCzQLSAtUAAAAAAAACAQAAAAAAAAAoAAAAAAAAAAAAAAAAAAAC4g==},
	Bdsk-Url-1 = {http://doi.acm.org/10.1145/1582716.1582746}}

@inproceedings{1577454,
	Abstract = {This paper describes a greedy {\ensuremath{\Delta}}-approximation algorithm for monotone covering, a generalization of many fundamental NP-hard covering problems. The approximation ratio {\ensuremath{\Delta}} is the maximum number of variables on which any constraint depends. (For example, for vertex cover, {\ensuremath{\Delta}} is 2.) The algorithm unifies, generalizes, and improves many previous algorithms for fundamental covering problems such as vertex cover, set cover, facilities location, and integer and mixed-integer covering linear programs with upper bound on the variables.

The algorithm is also the first {\ensuremath{\Delta}}-competitive algorithm for online monotone covering, which generalizes online versions of the above-mentioned covering problems as well as many fundamental online paging and caching problems. As such it also generalizes many classical online algorithms, including lru, fifo, fwf, balance, greedy-dual, greedy-dual size (a.k.a. landlord), and algorithms for connection caching, where {\ensuremath{\Delta}} is the cache size. It also gives new {\ensuremath{\Delta}}-competitive algorithms for upgradable variants of these problems, which model choosing the caching strategy and an appropriate hardware configuration (cache size, CPU, bus, network, etc.).},
	Address = {Berlin, Heidelberg},
	Author = {Koufogiannakis, Christos and Young, Neal E.},
	Booktitle = {ICALP '09: Proceedings of the 36th International Colloquium on Automata, Languages and Programming},
	Date-Added = {2009-12-28 03:15:48 -0500},
	Date-Modified = {2009-12-28 03:15:48 -0500},
	Doi = {http://dx.doi.org/10.1007/978-3-642-02927-1_53},
	Isbn = {978-3-642-02926-4},
	Keywords = {vertex cover},
	Location = {Rhodes, Greece},
	Pages = {634--652},
	Publisher = {Springer-Verlag},
	Title = {Greedy {\ensuremath{\Delta}}-Approximation Algorithm for Covering with Arbitrary Constraints and Submodular Cost},
	Year = {2009},
	Bdsk-File-1 = {YnBsaXN0MDDUAQIDBAUGBwpZJGFyY2hpdmVyWCR2ZXJzaW9uVCR0b3BYJG9iamVjdHNfEA9OU0tleWVkQXJjaGl2ZXISAAGGoNEICVRyb290gAGoCwwXGBkaHiVVJG51bGzTDQ4PEBMWWk5TLm9iamVjdHNXTlMua2V5c1YkY2xhc3OiERKABIAFohQVgAKAA4AHXHJlbGF0aXZlUGF0aFlhbGlhc0RhdGFfECguLi8uLi8uLi8uLi9Eb2N1bWVudHMvQmlibGlvLzE1Nzc0NTQucGRm0hsPHB1XTlMuZGF0YU8RAW4AAAAAAW4AAgAACFN1bGV5bWFuAAAAAAAAAAAAAAAAAAAAAAAAAMVQvIxIKwAAAA44tAsxNTc3NDU0LnBkZgAAAAAAAAAAAAAAAAAAAAAAAAAAAAAAAAAAAAAAAAAAAAAAAAAAAAAAAAAAAAAAAAAAAAAAYN+Qx09MvwAAAAAAAAAAAAQAAwAACSAAAAAAAAAAAAAAAAAAAAAGQmlibGlvABAACAAAxVEC3AAAABEACAAAx0+TDwAAAAEAEAAOOLQABN3rAATd3gAAadIAAgAwU3VsZXltYW46VXNlcnM6cGF1bDpEb2N1bWVudHM6QmlibGlvOjE1Nzc0NTQucGRmAA4AGAALADEANQA3ADcANAA1ADQALgBwAGQAZgAPABIACABTAHUAbABlAHkAbQBhAG4AEgAnVXNlcnMvcGF1bC9Eb2N1bWVudHMvQmlibGlvLzE1Nzc0NTQucGRmAAATAAEvAAAVAAIAC///AACABtIfICEiWCRjbGFzc2VzWiRjbGFzc25hbWWjIiMkXU5TTXV0YWJsZURhdGFWTlNEYXRhWE5TT2JqZWN00h8gJieiJyRcTlNEaWN0aW9uYXJ5AAgAEQAbACQAKQAyAEQASQBMAFEAUwBcAGIAaQB0AHwAgwCGAIgAigCNAI8AkQCTAKAAqgDVANoA4gJUAlYCWwJkAm8CcwKBAogCkQKWApkAAAAAAAACAQAAAAAAAAAoAAAAAAAAAAAAAAAAAAACpg==},
	Bdsk-Url-1 = {http://dx.doi.org/10.1007/978-3-642-02927-1_53}}
